<?xml version="1.0" encoding="UTF-8"?><collection xmlns="http://www.loc.gov/MARC21/slim"><record><leader>00513nam--2200145-i-4500</leader><controlfield tag="001">000013821</controlfield><controlfield tag="002">20161230</controlfield><controlfield tag="005">20161230201030</controlfield><controlfield tag="008">060222s1000------------r-----000-0-eng-d</controlfield><datafield ind1=" " ind2=" " tag="080"><subfield code="a">519.66(083.5)</subfield></datafield><datafield ind1=" " ind2=" " tag="100"><subfield code="a">Ciurileanu, D.I</subfield></datafield><datafield ind1=" " ind2=" " tag="245"><subfield code="a">Tabele trigonometrice.valori naturale:din 10 i n10 secunde centesimale si din 3,24 in 3,24 se cunde sexagesimale.anexe:tabele de cos si sin. cos.tabele de patrate</subfield></datafield><datafield ind1=" " ind2=" " tag="260"><subfield code="a">Bucuresti, Editura Tehnica, 1950. 970 P</subfield></datafield><datafield ind1=" " ind2=" " tag="852"><subfield code="a">47584</subfield><subfield code="c">518.2</subfield></datafield><datafield ind1=" " ind2=" " tag="CAT"><subfield code="a">Sys</subfield><subfield code="c">20100510</subfield><subfield code="h">091542</subfield></datafield></record></collection>